<?xml version='1.0' encoding='utf-8'?>
<record xmlns="http://www.loc.gov/MARC21/slim" xmlns:xsi="http://www.w3.org/2001/XMLSchema-instance" xsi:schemaLocation="http://www.loc.gov/MARC21/slim http://www.loc.gov/standards/marcxml/schema/MARC21slim.xsd">
      <leader>00000npca 22008411a 4500</leader>
      <controlfield tag="005">20150107112512.0</controlfield>
      <controlfield tag="008">940218i19571999miu     |           eng||</controlfield>
      <datafield tag="035" ind1=" " ind2=" ">
        <subfield code="a">(RLIN)MIUV85-A0</subfield>
      </datafield>
      <datafield tag="035" ind1=" " ind2=" ">
        <subfield code="a">(OCoLC)ocm79167064</subfield>
      </datafield>
      <datafield tag="040" ind1=" " ind2=" ">
        <subfield code="a">MiU-H</subfield>
        <subfield code="c">MiU-H</subfield>
        <subfield code="e">appm</subfield>
      </datafield>
      <datafield tag="100" ind1="1" ind2=" ">
        <subfield code="a">Sinclair, John,</subfield>
        <subfield code="d">1941-</subfield>
      </datafield>
      <datafield tag="245" ind1="1" ind2="0">
        <subfield code="a">John and Leni Sinclair papers,</subfield>
        <subfield code="f">1957-1999.</subfield>
      </datafield>
      <datafield tag="300" ind1=" " ind2=" ">
        <subfield code="a">66.5 linear feet (82 boxes), 1 oversize folder, and 1 oversize volume</subfield>
      </datafield>
      <datafield tag="300" ind1=" " ind2=" ">
        <subfield code="3">Sound recordings</subfield>
        <subfield code="a">13 linear feet (22 boxes).</subfield>
      </datafield>
      <datafield tag="300" ind1=" " ind2=" ">
        <subfield code="3">Visual materials</subfield>
        <subfield code="a">4.5 linear feet (10 boxes) and 1 oversize folder.</subfield>
      </datafield>
      <datafield tag="545" ind1="0" ind2=" ">
        <subfield code="a">John and Leni Sinclair were leaders of the counterculture movement in Michigan, organizers of radical social, political, and cultural endeavors primarily in the areas of music, poetry, graphic design, and community welfare projects.</subfield>
      </datafield>
      <datafield tag="520" ind1="2" ind2=" ">
        <subfield code="a">Papers and photographs (1965-1999) relating to all phases of their careers, including participation in the Artists' Workshop in Detroit, the Rainbow Multi-Media Corporation, the White Panther Party and its offshoot, the Rainbow Peoples Party; also materials concerning the legalization of marijuana, radical politics, and prison reform. The papers dated 1979-1999 relate to the career of John Sinclair as a writer of poetry and performer/producer of jazz and rock concerts.</subfield>
      </datafield>
      <datafield tag="555" ind1="0" ind2=" ">
        <subfield code="a">Finding aid in the library.</subfield>
      </datafield>
      <datafield tag="555" ind1="0" ind2=" ">
        <subfield code="a">Finding aid available via World Wide Web at URL: http://quod.lib.umich.edu/cgi/f/findaid/findaid-idx?c=bhlead&amp;idno=umich-bhl-850</subfield>
      </datafield>
      <datafield tag="500" ind1=" " ind2=" ">
        <subfield code="a">Donor: 6306</subfield>
      </datafield>
      <datafield tag="500" ind1=" " ind2=" ">
        <subfield code="a">Visual materials and sound recordings described separately.</subfield>
      </datafield>
      <datafield tag="600" ind1="1" ind2="0">
        <subfield code="a">Sinclair, John,</subfield>
        <subfield code="d">1941-</subfield>
      </datafield>
      <datafield tag="610" ind1="2" ind2="0">
        <subfield code="a">Human Rights Party (Ann Arbor, Mich.)</subfield>
      </datafield>
      <datafield tag="650" ind1=" " ind2="0">
        <subfield code="a">Drug abuse.</subfield>
      </datafield>
      <datafield tag="650" ind1=" " ind2="0">
        <subfield code="a">Rock music.</subfield>
      </datafield>
      <datafield tag="650" ind1=" " ind2="0">
        <subfield code="a">Musicians</subfield>
        <subfield code="z">Michigan.</subfield>
      </datafield>
      <datafield tag="650" ind1=" " ind2="0">
        <subfield code="a">Poetry.</subfield>
      </datafield>
      <datafield tag="651" ind1=" " ind2="0">
        <subfield code="a">United States</subfield>
        <subfield code="x">Politics and government</subfield>
        <subfield code="y">1963-1969.</subfield>
      </datafield>
      <datafield tag="691" ind1=" " ind2="4">
        <subfield code="a">Michigan</subfield>
        <subfield code="x">Politics and government</subfield>
        <subfield code="y">1961-1970.</subfield>
      </datafield>
      <datafield tag="651" ind1=" " ind2="0">
        <subfield code="a">United States</subfield>
        <subfield code="x">Politics and government</subfield>
        <subfield code="y">1974-1977.</subfield>
      </datafield>
      <datafield tag="651" ind1=" " ind2="0">
        <subfield code="a">United States</subfield>
        <subfield code="x">Politics and government</subfield>
        <subfield code="y">1969-1974.</subfield>
      </datafield>
      <datafield tag="691" ind1=" " ind2="4">
        <subfield code="a">Michigan</subfield>
        <subfield code="x">Politics and government</subfield>
        <subfield code="y">1971-1980.</subfield>
      </datafield>
      <datafield tag="650" ind1=" " ind2="0">
        <subfield code="a">Radicalism</subfield>
        <subfield code="z">Michigan.</subfield>
      </datafield>
      <datafield tag="650" ind1=" " ind2="0">
        <subfield code="a">Prisons</subfield>
        <subfield code="z">Michigan.</subfield>
      </datafield>
      <datafield tag="650" ind1=" " ind2="0">
        <subfield code="a">Marijuana.</subfield>
      </datafield>
      <datafield tag="611" ind1="2" ind2="0">
        <subfield code="a">Ann Arbor Blues and Jazz Festival.</subfield>
      </datafield>
      <datafield tag="610" ind1="2" ind2="0">
        <subfield code="a">First Zenta Church (Ann Arbor, Mich.)</subfield>
      </datafield>
      <datafield tag="630" ind1="0" ind2="0">
        <subfield code="a">Ann Arbor sun.</subfield>
      </datafield>
      <datafield tag="610" ind1="2" ind2="0">
        <subfield code="a">Artists Workshop (Detroit, Mich.)</subfield>
      </datafield>
      <datafield tag="610" ind1="2" ind2="0">
        <subfield code="a">MC5 (Musical group)</subfield>
      </datafield>
      <datafield tag="610" ind1="2" ind2="0">
        <subfield code="a">Michigan Committee for Prisoner's Rights.</subfield>
      </datafield>
      <datafield tag="610" ind1="2" ind2="0">
        <subfield code="a">Rainbow Energies, Inc.</subfield>
      </datafield>
      <datafield tag="610" ind1="2" ind2="0">
        <subfield code="a">Rainbow Multi-Media Corporation.</subfield>
      </datafield>
      <datafield tag="610" ind1="2" ind2="0">
        <subfield code="a">Rainbow Peoples Party (Ann Arbor, Mich.)</subfield>
      </datafield>
      <datafield tag="610" ind1="2" ind2="0">
        <subfield code="a">Strata Corporation.</subfield>
      </datafield>
      <datafield tag="610" ind1="2" ind2="0">
        <subfield code="a">Trans-Love Energies Unlimited.</subfield>
      </datafield>
      <datafield tag="610" ind1="2" ind2="0">
        <subfield code="a">Up (Musical group)</subfield>
      </datafield>
      <datafield tag="610" ind1="2" ind2="0">
        <subfield code="a">White Panther Party.</subfield>
      </datafield>
      <datafield tag="610" ind1="2" ind2="0">
        <subfield code="a">Youth International Party.</subfield>
      </datafield>
      <datafield tag="610" ind1="2" ind2="0">
        <subfield code="a">Wayne State University.</subfield>
        <subfield code="b">Artists Society.</subfield>
      </datafield>
      <datafield tag="610" ind1="2" ind2="0">
        <subfield code="a">Ann Arbor Tribal Council.</subfield>
      </datafield>
      <datafield tag="610" ind1="2" ind2="0">
        <subfield code="a">Tribal Council (Detroit, Mich.)</subfield>
      </datafield>
      <datafield tag="611" ind1="2" ind2="0">
        <subfield code="a">Ann Arbor Blues Festival.</subfield>
      </datafield>
      <datafield tag="651" ind1=" " ind2="0">
        <subfield code="a">Michigan</subfield>
        <subfield code="x">Politics and government</subfield>
        <subfield code="y">1951-</subfield>
      </datafield>
      <datafield tag="700" ind1="1" ind2=" ">
        <subfield code="a">Sinclair, Leni.</subfield>
      </datafield>
      <datafield tag="700" ind1="1" ind2=" ">
        <subfield code="a">Bursley, Gilbert E.</subfield>
      </datafield>
      <datafield tag="700" ind1="1" ind2=" ">
        <subfield code="a">Davis, Rennie.</subfield>
      </datafield>
      <datafield tag="700" ind1="1" ind2=" ">
        <subfield code="a">Ginsberg, Allen,</subfield>
        <subfield code="d">1926-1997.</subfield>
      </datafield>
      <datafield tag="700" ind1="1" ind2=" ">
        <subfield code="a">Grimshaw, Gary.</subfield>
      </datafield>
      <datafield tag="700" ind1="1" ind2=" ">
        <subfield code="a">Hart, Philip A.</subfield>
        <subfield code="q">(Philip Aloysius),</subfield>
        <subfield code="d">1912-1976.</subfield>
      </datafield>
      <datafield tag="700" ind1="1" ind2=" ">
        <subfield code="a">Hoffman, Abbie.</subfield>
      </datafield>
      <datafield tag="700" ind1="1" ind2=" ">
        <subfield code="a">Leary, Timothy,</subfield>
        <subfield code="d">1920-1996.</subfield>
      </datafield>
      <datafield tag="700" ind1="1" ind2=" ">
        <subfield code="a">Perret, Christopher,</subfield>
        <subfield code="d">1935-1965.</subfield>
      </datafield>
      <datafield tag="700" ind1="1" ind2=" ">
        <subfield code="a">Plamondon, Pun.</subfield>
      </datafield>
      <datafield tag="700" ind1="1" ind2=" ">
        <subfield code="a">Rubin, Jerry.</subfield>
      </datafield>
      <datafield tag="700" ind1="1" ind2=" ">
        <subfield code="a">Vaughn, Jackie.</subfield>
      </datafield>
      <datafield tag="852" ind1=" " ind2=" ">
        <subfield code="a">Bentley Historical Library,</subfield>
        <subfield code="b">University of Michigan,</subfield>
        <subfield code="c">Ann Arbor, Michigan 48109-2113</subfield>
      </datafield>
      <datafield tag="856" ind1="4" ind2="2">
        <subfield code="3">Finding aid:</subfield>
        <subfield code="u">http://quod.lib.umich.edu/cgi/f/findaid/findaid-idx?c=bhlead&amp;idno=umich-bhl-850</subfield>
      </datafield>
      <datafield tag="997" ind1=" " ind2=" ">
        <subfield code="a">MARS</subfield>
      </datafield>
      <datafield tag="998" ind1=" " ind2=" ">
        <subfield code="s">9554</subfield>
      </datafield>
    </record>
